Bibliography of Facility Location Problem

Li Yan
lyan at cs.ucr.edu

%%%%%%%%%%%%%%%%%%%%%%%%%%%%%%%%%%%%%%%%%%%%%%%%%%%%%%%%%%%%%%%%%%%%%
%
% Conferences
%

% AAIM
@string{AAIM    = " International Conf. on Algorithmic Aspects in  Information and Management (AAIM)"}
@string{AAIM06    = "Proc. 2nd" # AAIM}
@string{AAIM07    = "Proc. 3rd" # AAIM}

% APPROX
@string{APPROX = " International Workshop on Approximation Algorithms for Combinatorial Optimization Problems (APPROX)"}
@string{APPROX01 = "Proc. 4th" # APPROX}

% ESA
@string{ESA    = " European Symp. on Algorithms (ESA)"}
@string{ESA93  = "Proc. 1st" # ESA}
@string{ESA94  = "Proc. 2nd" # ESA}
@string{ESA95  = "Proc. 3rd" # ESA}
@string{ESA96  = "Proc. 4th" # ESA}
@string{ESA97  = "Proc. 5th" # ESA}
@string{ESA98  = "Proc. 6th" # ESA}
@string{ESA99  = "Proc. 7th" # ESA}
@string{ESA00  = "Proc. 8th" # ESA}
@string{ESA01  = "Proc. 9th" # ESA}
@string{ESA02  = "Proc. 10th" # ESA}
@string{ESA03  = "Proc. 11th" # ESA}
@string{ESA04  = "Proc. 12th" # ESA}
@string{ESA05  = "Proc. 13th" # ESA}
@string{ESA06  = "Proc. 14th" # ESA}
@string{ESA07  = "Proc. 15th" # ESA}
@string{ESA08  = "Proc. 16th" # ESA}
@string{ESA09  = "Proc. 17th" # ESA}

% FOCS
@string{FOCS   = " Symp. Foundations of Computer Science (FOCS)"}
@string{FOCS77 = "Proc. 18th" # FOCS}
@string{FOCS78 = "Proc. 19th" # FOCS}
@string{FOCS79 = "Proc. 20th" # FOCS}
@string{FOCS80 = "Proc. 21st" # FOCS}
@string{FOCS81 = "Proc. 22nd" # FOCS}
@string{FOCS82 = "Proc. 23rd" # FOCS}
@string{FOCS83 = "Proc. 24th" # FOCS}
@string{FOCS84 = "Proc. 25th" # FOCS}
@string{FOCS85 = "Proc. 26th" # FOCS}
@string{FOCS86 = "Proc. 27th" # FOCS}
@string{FOCS87 = "Proc. 28th" # FOCS}
@string{FOCS88 = "Proc. 29th" # FOCS}
@string{FOCS89 = "Proc. 30th" # FOCS}
@string{FOCS90 = "Proc. 31st" # FOCS}
@string{FOCS91 = "Proc. 32nd" # FOCS}
@string{FOCS92 = "Proc. 33rd" # FOCS}
@string{FOCS93 = "Proc. 34th" # FOCS}
@string{FOCS94 = "Proc. 35th" # FOCS}
@string{FOCS95 = "Proc. 36th" # FOCS}
@string{FOCS96 = "Proc. 37th" # FOCS}
@string{FOCS97 = "Proc. 38th" # FOCS}
@string{FOCS98 = "Proc. 39th" # FOCS}
@string{FOCS99 = "Proc. 40th" # FOCS}
@string{FOCS00 = "Proc. 41st" # FOCS}
@string{FOCS01 = "Proc. 42st" # FOCS}
@string{FOCS02 = "Proc. 43rd" # FOCS}
@string{FOCS03 = "Proc. 44th" # FOCS}
@string{FOCS04 = "Proc. 45th" # FOCS}
@string{FOCS05 = "Proc. 46th" # FOCS}
@string{FOCS06 = "Proc. 47th" # FOCS}
@string{FOCS07 = "Proc. 48th" # FOCS}
@string{FOCS08 = "Proc. 49th" # FOCS}
@string{FOCS09 = "Proc. 50th" # FOCS}
@string{FOCS10 = "Proc. 51th" # FOCS}

% ICALP
@string{ICALP =   " International Colloquium on Automata, Languages, 
                   and Programming (ICALP)"}
@string{ICALP87 = "Proc. 14th" # ICALP}
@string{ICALP88 = "Proc. 15th" # ICALP}
@string{ICALP89 = "Proc. 16th" # ICALP}
@string{ICALP90 = "Proc. 17th" # ICALP}
@string{ICALP91 = "Proc. 18th" # ICALP}
@string{ICALP92 = "Proc. 19th" # ICALP}
@string{ICALP93 = "Proc. 20th" # ICALP}
@string{ICALP94 = "Proc. 21st" # ICALP}
@string{ICALP95 = "Proc. 22nd" # ICALP}
@string{ICALP96 = "Proc. 23rd" # ICALP}
@string{ICALP97 = "Proc. 24th" # ICALP}
@string{ICALP98 = "Proc. 25th" # ICALP}
@string{ICALP99 = "Proc. 26th" # ICALP}
@string{ICALP00 = "Proc. 27th" # ICALP}
@string{ICALP01 = "Proc. 28th" # ICALP}
@string{ICALP02 = "Proc. 29th" # ICALP}
@string{ICALP03 = "Proc. 30th" # ICALP}
@string{ICALP04 = "Proc. 31st" # ICALP}
@string{ICALP05 = "Proc. 32nd" # ICALP}
@string{ICALP06 = "Proc. 33rd" # ICALP}
@string{ICALP07 = "Proc. 34rd" # ICALP}
@string{ICALP08 = "Proc. 35rd" # ICALP}
@string{ICALP09 = "Proc. 36rd" # ICALP}
@string{ICALP10 = "Proc. 37rd" # ICALP}
@string{ICALP11 = "Proc. 38rd" # ICALP}

%IPCO
@string{IPCO = " Conference on Integer Programming and Combinatorial Optimization (IPCO)"}
@string{IPCO02 = "Proc.   9th" # IPCO}
@string{IPCO04 = "Proc.  10th" # IPCO}
@string{IPCO10 = "Proc.  14th" # IPCO}

% ISAAC 
@string{ISAAC =   " International Symp. on Algorithms and Computation (ISAAC)"}
@string{ISAAC90 = "Proc.  1st" # ISAAC}
@string{ISAAC91 = "Proc.  2nd" # ISAAC}
@string{ISAAC92 = "Proc.  3rd" # ISAAC}
@string{ISAAC93 = "Proc.  4th" # ISAAC}
@string{ISAAC94 = "Proc.  5th" # ISAAC}
@string{ISAAC95 = "Proc.  6th" # ISAAC}
@string{ISAAC96 = "Proc.  7th" # ISAAC}
@string{ISAAC97 = "Proc.  8th" # ISAAC}
@string{ISAAC98 = "Proc.  9th" # ISAAC}
@string{ISAAC99 = "Proc. 10th" # ISAAC}
@string{ISAAC05 = "Proc. 16th" # ISAAC}
@string{ISAAC06 = "Proc. 17th" # ISAAC}
@string{ISAAC07 = "Proc. 18th" # ISAAC}
@string{ISAAC08 = "Proc. 19th" # ISAAC}
@string{ISAAC09 = "Proc. 20th" # ISAAC}

% SODA
@string{SODA   = " Symp. on Discrete Algorithms (SODA)"}
@string{SODA90 = "Proc.  1st" # SODA}
@string{SODA91 = "Proc.  2nd" # SODA}
@string{SODA92 = "Proc.  3rd" # SODA}
@string{SODA93 = "Proc.  4th" # SODA}
@string{SODA94 = "Proc.  5th" # SODA}
@string{SODA95 = "Proc.  6th" # SODA}
@string{SODA96 = "Proc.  7th" # SODA}
@string{SODA97 = "Proc.  8th" # SODA}
@string{SODA98 = "Proc.  9th" # SODA}
@string{SODA99 = "Proc. 10th" # SODA}
@string{SODA00 = "Proc. 11th" # SODA}
@string{SODA01 = "Proc. 12th" # SODA}
@string{SODA02 = "Proc. 13th" # SODA}
@string{SODA03 = "Proc. 14th" # SODA}
@string{SODA04 = "Proc. 15th" # SODA}
@string{SODA05 = "Proc. 16th" # SODA}
@string{SODA06 = "Proc. 17th" # SODA}
@string{SODA07 = "Proc. 18th" # SODA}
@string{SODA08 = "Proc. 19th" # SODA}

% STOC
@string{STOC   = " Symp. Theory of Computing (STOC)"}
@string{STOC73 = "Proc.  5th" # STOC}
@string{STOC80 = "Proc. 11th" # STOC}
@string{STOC84 = "Proc. 16th" # STOC}
@string{STOC85 = "Proc. 17th" # STOC}
@string{STOC86 = "Proc. 18th" # STOC}
@string{STOC87 = "Proc. 19th" # STOC}
@string{STOC88 = "Proc. 20th" # STOC}
@string{STOC89 = "Proc. 21st" # STOC}
@string{STOC90 = "Proc. 22nd" # STOC}
@string{STOC91 = "Proc. 23rd" # STOC}
@string{STOC92 = "Proc. 24th" # STOC}
@string{STOC93 = "Proc. 25th" # STOC}
@string{STOC94 = "Proc. 26th" # STOC}
@string{STOC95 = "Proc. 27th" # STOC}
@string{STOC96 = "Proc. 28th" # STOC}
@string{STOC97 = "Proc. 29th" # STOC}
@string{STOC98 = "Proc. 30th" # STOC}
@string{STOC99 = "Proc. 31st" # STOC}
@string{STOC00 = "Proc. 32nd" # STOC}
@string{STOC01 = "Proc. 33rd" # STOC}
@string{STOC02 = "Proc. 34th" # STOC}
@string{STOC03 = "Proc. 35th" # STOC}
@string{STOC04 = "Proc. 36th" # STOC}
@string{STOC05 = "Proc. 37th" # STOC}
@string{STOC06 = "Proc. 38th" # STOC}
@string{STOC07 = "Proc. 39th" # STOC}
@string{STOC08 = "Proc. 40th" # STOC}

%%%%%%%%%%%%%%%%%%%%%%%%%%%%%%%%%%%%%%%%%%%%%%%%%%%%%%
%% end of conference %%%%%%%%%%%%%%%%%%%%%%%%%%%%%%%%%
%%%%%%%%%%%%%%%%%%%%%%%%%%%%%%%%%%%%%%%%%%%%%%%%%%%%%%

@article{MahdianYZ06,
  author    = {Mohammad Mahdian and
               Yinyu Ye and
               Jiawei Zhang},
  title     = {Approximation Algorithms for Metric Facility Location Problems},
  journal   = {SIAM J. Comput.},
  volume    = {36},
  number    = {2},
  year      = {2006},
  pages     = {411-432},
}

@article{GuhaMM03,
  author    = {Sudipto Guha and
               Adam Meyerson and
               Kamesh Munagala},
  title     = {A constant factor approximation algorithm for the fault-tolerant
               facility location problem},
  journal   = {J. Algorithms},
  volume    = {48},
  number    = {2},
  year      = {2003},
  pages     = {429-440},
}

@article{AardalCS99,
  author = {Karen Aardal and Fabi\'{a}n Chudak and David Shmoys},
  title = {A 3-approximation algorithm for the k-level uncapacitated facility location problem},
  journal = {Information Processing Letters},
  volume = {72},
  issue = {5-6},
  year = {1999},
  pages = {161--167},
}

online facility location
@article{Fotakis07,
  author = {Dimitris Fotakis},
  title = {A primal-dual algorithm for online non-uniform facility location},
  journal = {J. of Discrete Algorithms},
  volume = {5},
  number = {1},
  year = {2007},
  pages = {141--148},
}

@article{Fotakis08,
  author = {Dimitris Fotakis},
  title = {On the Competitive Ratio for Online Facility Location},
  journal = {Algorithmica},
  volume = {50},
  number = {1},
  year = {2007},
  pages = {1--57},
}

Lower Bound on Approximation Ratio, Hardness result
@inproceedings{GuhaK98,
  author = {Sudipto Guha and Samir Khuller},
  title = {Greedy strikes back: improved facility location algorithms},
  booktitle = {Proceedings of the 9th ACM-SIAM Symposium on Discrete Algorithms, SODA '98},
  year = {1998},
  isbn = {0-89871-410-9},
  pages = {649--657},
}


@misc{lowerbound,
  author = "Maxim Sviridenko",
  year = 1998, 
  howpublished = "cited in Shmoys and Tardos and Aardal STOC
                  1997 as private communication",
}


LP-rounding
@article{Balinski65,
  author = {M.L. Balinski},
  title  = {Integer Programming: Methods, Uses, Computations},
  journal = {Management Science},
	volume = {12},
	number = {3},
  year   = {1965},
  pages  = {253-313},
}

@inproceedings{LinV92,
  author = {Jyh-Han Lin and Jeffrey Scott Vitter},
  title = {e-approximations with minimum packing constraint violation (extended abstract)},
  booktitle = {Proceedings of the ACM Symposium on Theory of Computing, STOC '92},
  year = {1992},
  pages = {771--782},
}

@inproceedings{ShmoysTA97,
  author = {David Shmoys and \'{E}va Tardos and Karen Aardal},
  title = {Approximation algorithms for facility location problems (extended abstract)},
  booktitle = {Proceedings of the Twenty-Ninth Annual ACM Symposium on Theory of Computing, STOC '97},
  year = {1997},
  pages = {265--274},
}

@article{ChudakS04,
  author = {Fabi\'{a}n Chudak and David Shmoys},
  title = {Improved Approximation Algorithms for the Uncapacitated Facility Location Problem},
  journal = {SIAM J. Comput.},
  volume = {33},
  number = {1},
  year = {2004},
  pages = {1--25},
}

@inproceedings{Byrka07,
  author = {Byrka, Jaroslaw},
  title = {An Optimal Bifactor Approximation Algorithm for the Metric Uncapacitated Facility Location Problem},
  booktitle = {Proceedings of the 10th International Workshop on Approximation and the 11th International Workshop on Randomization, and Combinatorial Optimization. Algorithms and Techniques, APPROX '07/RANDOM '07},
  year = {2007},
  pages = {29--43},
}

@article{ByrkaA10,
  author    = {Jaroslaw Byrka and Karen Aardal},
  title     = {An Optimal Bifactor Approximation Algorithm for the Metric
               Uncapacitated Facility Location Problem},
  journal   = {SIAM J. Comput.},
  volume    = {39},
  number    = {6},
  year      = {2010},
  pages     = {2212-2231},
}

@article{ByrkaGS10,
  author    = {Jaroslaw Byrka and
               MohammadReza Ghodsi and
               Aravind Srinivasan},
  title     = {{LP}-rounding algorithms for facility-location problems},
  journal   = {CoRR},
  volume    = {abs/1007.3611},
  year      = {2010},
  ee        = {http://arxiv.org/abs/1007.3611},
  bibsource = {DBLP, http://dblp.uni-trier.de}
}

Dual Fitting
@inproceedings{MahdianMSV01,
 author = {Mohammad Mahdian and Evangelos Markakis and Amin Saberi and Vijay Vazirani},
 title = {A Greedy Facility Location Algorithm Analyzed Using Dual Fitting},
 booktitle = APPROX01,
 year = {2001},
 isbn = {3-540-42470-9},
 pages = {127--137},
 publisher = {Springer-Verlag},
 address = {London, UK},
 }

%%%%%%%%%%%%%%%%%%%%%% updated Thu Apr 12 2012, 13:04:17%%%%%%%%%%%%%%%%%%
best approx 1.61-approx, dual fitting
@inproceedings{JainMS02,
  author = {Kamal Jain and Mohammad Mahdian and Amin Saberi},
  title = {A new greedy approach for facility location problems},
  booktitle = {Proceedings of the 34th ACM Symposium on Theory of Computing, STOC '02},
  year = {2002},
  pages = {731--740},
}

journal version of MMSV and JMS
@article{JainMMSV03,
  author = {Kamal Jain and Mohammad Mahdian and Evangelos Markakis and Amin Saberi and Vijay Vazirani},
  title = {Greedy facility location algorithms analyzed using dual fitting with factor-revealing {LP}},
  journal = {J. ACM},
  volume = {50},
  number = {6},
  year = {2003},
  pages = {795--824},
}

Primal Dual Schema
@article{JainV01,
  author = {Kamal Jain and Vijay Vazirani},
  title = {Approximation algorithms for metric facility location and k-Median problems using the primal-dual schema and Lagrangian relaxation},
  journal = {J. ACM},
  volume = {48},
  number = {2},
  year = {2001},
  pages = {274--296},
}

Local Search
@inproceedings{AryaGKMMP01,
  author = {Vijay Arya and Naveen Garg and Rohit Khandekar and Adam Meyerson and Kamesh Munagala and Vinayaka Pandit},
  title = {Local search heuristic for k-median and facility location problems},
  booktitle = {Proceedings of the 33rd ACM Symposium on Theory of Computing, STOC '01},
  year = {2001},
  pages = {21--29},
}

@article{AryaGKMMP04,
  author    = {Vijay Arya and
               Naveen Garg and
               Rohit Khandekar and
               Adam Meyerson and
               Kamesh Munagala and
               Vinayaka Pandit},
  title     = {Local Search Heuristics for k-Median and Facility Location
               Problems},
  journal   = {SIAM J. Comput.},
  volume    = {33},
  number    = {3},
  year      = {2004},
  pages     = {544-562},
}

Korupolu et al ‘98, Chudak & Williamson ‘99: 
Local search gives c-approx. for uniform, hard capacities.
@inproceedings{Korupolu98,
  author = {Madhukar Korupolu and C. Greg Plaxton and Rajmohan Rajaraman},
  title = {Analysis of a local search heuristic for facility location problems},
  booktitle = {Proceedings of the 9th ACM-SIAM Symposium on Discrete Algorithms, SODA '98},
  year = {1998},
  pages = {1--10},
}

Fault Tolerant
@article{JainV03,
  author    = {Kamal Jain and
               Vijay V. Vazirani},
  title     = {An Approximation Algorithm for the Fault Tolerant Metric
               Facility Location Problem},
  journal   = {Algorithmica},
  volume    = {38},
  number    = {3},
  year      = {2003},
  pages     = {433-439},
}

@inproceedings{GuhaMM01,
  author    = {Sudipto Guha and
               Adam Meyerson and
               Kamesh Munagala},
  title     = {Improved algorithms for fault tolerant facility location},
  booktitle = {Proceedings of the 12th ACM-SIAM Symposium on Discrete Algorithms, SODA '01},
  year      = {2001},
  pages     = {636-641},
}

@article{SwamyS08,
  author = {Chaitanya Swamy and David Shmoys},
  title = {Fault-tolerant facility location},
  journal = {ACM Trans. Algorithms},
  volume = {4},
  number = {4},
  year = {2008},
  pages = {1--27},
}

@inproceedings{ByrkaSS10,
  author    = {Jaroslaw Byrka and Aravind Srinivasan and
                  Chaitanya Swamy},
  title     = {Fault-Tolerant Facility Location, a
                  randomized dependent {LP}-rounding
                  algorithm},
  booktitle = {Proceedings of the 14th Integer Programming and Combinatorial Optimization, IPCO '10},
  year      = {2010},
  pages     = {244-257},
}

@inproceedings{XuS09,
 author = {Shihong Xu and Hong Shen},
 title = {The Fault-Tolerant Facility Allocation Problem},
 booktitle = {Proceedings of the 20th International Symposium
                  on Algorithms and Computation, ISAAC '09},
 year = {2009},
 pages = {689--698},
 }

@article{YanC11,
  author    = {Li Yan and
               Marek Chrobak},
  title     = {Approximation algorithms for the Fault-Tolerant Facility
               Placement problem},
  journal   = {Inf. Process. Lett.},
  volume    = {111},
  number    = {11},
  year      = {2011},
  pages     = {545-549},
}

@article{YanC11b,
  author    = {Li Yan and
               Marek Chrobak},
  title     = {New Results on the Fault-Tolerant Facility Placement Problem},
  journal   = {CoRR},
  volume    = {abs/1108.5471},
  year      = {2011},
}

@article{YanC12,
  author    = {Li Yan and
               Marek Chrobak},
  title     = {{LP}-rounding Algorithms for the Fault-Tolerant Facility Placement
               Problem},
  journal   = {CoRR},
  volume    = {abs/1205.1281},
  year      = {2012},
  ee        = {http://arxiv.org/abs/1205.1281},
  bibsource = {DBLP, http://dblp.uni-trier.de}
}

General Cost
O(logn) approx, first approx algorithm for metric facility location problem
@article{Hochbaum82,
    author = {Dorit S. Hochbaum},
    title  = {Heuristics for the Fixed Cost Median Problem},
    journal = {Mathematical Programming},
    volume = {22},
    pages  = {148-162},
    year   = {1982} 
}


Martin Pál    Éva Tardos   Tom Wexler
Local search gives c-approx. for nonuniform, hard capacities.
@inproceedings{PalTW01,
 author = {Martin P\'{a}l and \'{E}va Tardos. and Tom Wexler},
 title = {Facility Location with Nonuniform Hard Capacities},
 booktitle = {Proceedings of the 42nd IEEE Symposium on Foundations of Computer Science, FOCS '01},
 year = {2001},
 pages = {329-338},
 }

best approx ratio for capacitated facility location problem
@inproceedings{ZhangCY04,
  author    = {Jiawei Zhang and
               Bo Chen and
               Yinyu Ye},
  title     = {A Multi-exchange Local Search Algorithm for the Capacitated
               Facility Location Problem: (Extended Abstract)},
	booktitle = {Proceedings of the 10th International Conference on Integer Programming and Combinatorial Optimization, IPCO'04},
  year      = {2004},
  pages     = {219-233},
}

approx setcover clogn is NP-hard
@inproceedings{RazS97,
   author = {Ran Raz and Shmuel Safra},
   title = {A sub-constant error-probability low-degree test, and a sub-constant error-probability PCP characterization of NP},
   booktitle = {Proceedings of the 29th annual ACM symposium on Theory of computing, STOC '97},
   year = {1997},
   pages = {475--484},
 }

@inproceedings{Svi02,
 author = {Maxim Sviridenko},
 title = {An Improved Approximation Algorithm for the Metric Uncapacitated Facility Location Problem},
 booktitle = {Proceedings of the 9th International IPCO Conference on Integer Programming and Combinatorial Optimization, IPCO '02},
 year = 2002,
 pages = {240--257},
} 

@inproceedings{Li11,
  author    = {Shi Li},
  title     = {A 1.488 Approximation Algorithm for the Uncapacitated Facility
               Location Problem},
  booktitle = {Proceedings of the 38th International Conference on Automata, 
	Languages and Programming, ICALP '11},
  year      = {2011},
  pages     = {77-88},
  volume    = {6756},
}

heavily influenced, not many deep results but excellent exposition
@PHDThesis{Bumb02,
    author     =     {Adriana Bumb},
    title     =     {{Approximation Algorithms for Facility Location Problems}},
    school     =     {University of Twente},
    address     =     {the Netherlands},
    year     =     {2002},
    }

not used, just to know the bibtex format
@MastersThesis{Nannen:Thesis:2003,
    author     =     {Volker Nannen},
    title     =     {{The Paradox of Overfitting}},
    school     =     {Rijksuniversiteit Groningen},
    address     =     {the Netherlands},
    year     =     {2003},
    }

@misc{gupta08,
    author = {Anupam Gupta},
    title = {Lecture Notes: {{CMU}} 15-854B, Spring 2008},
    year  = {2008},
}

@book{vygen05,
    author = {Jens Vygen},
    title = {Approximation Algorithms for Facility Location Problems},
	publisher = {Forschungsinst. f\"{u}r Diskrete Mathematik},
    year = {2005},
}
@book{HardyLP88,
  author={Godfrey Harold Hardy and John Edensor Littlewood and George P\'{o}lya},
  title={Inequalities},
  publisher={Cambridge University Press},
  isbn={0521358809},
  year={1988},
}
